%% This BibTeX bibliography file was created using BibDesk.
%% http://bibdesk.sourceforge.net/

%% Created for lukas_wampfler at 2018-05-31 15:58:13 +0200 


%% Saved with string encoding Unicode (UTF-8) 



@article{eff_framework,
	Archiveprefix = {arXiv},
	Author = {Lajanugen Logeswaran and Honglak Lee},
	Bibsource = {dblp computer science bibliography, https://dblp.org},
	Biburl = {https://dblp.org/rec/bib/journals/corr/abs-1803-02893},
	Date-Modified = {2018-05-31 12:44:55 +0000},
	Eprint = {1803.02893},
	Journal = {CoRR},
	Timestamp = {Tue, 10 Apr 2018 20:50:05 +0200},
	Title = {An efficient framework for learning sentence representations},
	Url = {http://arxiv.org/abs/1803.02893},
	Volume = {abs/1803.02893},
	Year = {2018},
	Bdsk-Url-1 = {http://arxiv.org/abs/1803.02893}}

@inproceedings{pennington2014glove,
  author = {Jeffrey Pennington and Richard Socher and Christopher D. Manning},
  booktitle = {Empirical Methods in Natural Language Processing (EMNLP)},
  title = {GloVe: Global Vectors for Word Representation},
  year = {2014},
  pages = {1532--1543},
  url = {http://www.aclweb.org/anthology/D14-1162},
}

@InProceedings{mostafazadeh-EtAl:2016:N16-1,
  author    = {Mostafazadeh, Nasrin  and  Chambers, Nathanael  and  He, Xiaodong  and  Parikh, Devi  and  Batra, Dhruv  and  Vanderwende, Lucy  and  Kohli, Pushmeet  and  Allen, James},
  title     = {A Corpus and Cloze Evaluation for Deeper Understanding of Commonsense Stories},
  booktitle = {Proceedings of the 2016 Conference of the North American Chapter of the Association for Computational Linguistics: Human Language Technologies},
  month     = {June},
  year      = {2016},
  address   = {San Diego, California},
  publisher = {Association for Computational Linguistics},
  pages     = {839--849},
  url       = {http://www.aclweb.org/anthology/N16-1098}
}

@InProceedings{mostafazadeh-EtAl:2016:RepEval,
  author    = {Mostafazadeh, Nasrin  and  Vanderwende, Lucy  and  Yih, Wen-tau  and  Kohli, Pushmeet  and  Allen, James},
  title     = {Story Cloze Evaluator: Vector Space Representation Evaluation by Predicting What Happens Next},
  booktitle = {Proceedings of the 1st Workshop on Evaluating Vector-Space Representations for NLP},
  month     = {August},
  year      = {2016},
  address   = {Berlin, Germany},
  publisher = {Association for Computational Linguistics},
  pages     = {24--29},
  url       = {http://anthology.aclweb.org/W16-2505}
}